@inproceedings{Kennedy2010,
  added-at = {2008-03-11T14:52:34.000+0100},
  author = {Kennedy, James and Eberhart, Russell C.},
  biburl = {https://www.bibsonomy.org/bibtex/29555cbac5b7e075f6922287e61f54ecd/idsia},
  booktitle = {Proceedings of the IEEE International Conference on Neural Networks},
  citeulike-article-id = {2380563},
  interhash = {2d4744bd7b05a1ace027a310712c776e},
  intrahash = {9555cbac5b7e075f6922287e61f54ecd},
  keywords = {evolutionary},
  pages = {1942--1948},
  priority = {2},
  timestamp = {2008-03-11T14:55:47.000+0100},
  title = {Particle swarm optimization},
  year = 1995
}

@inproceedings{Hoffmeister1991,
	address = {Berlin, Heidelberg},
	author = {Hoffmeister, Frank and B{\"a}ck, Thomas},
	booktitle = {Parallel Problem Solving from Nature},
	editor = {Schwefel, Hans-Paul and M{\"a}nner, Reinhard},
	pages = {455--469},
	publisher = {Springer Berlin Heidelberg},
	title = {Genetic Algorithms and evolution strategies: Similarities and differences},
	year = {1991}
}

@inproceedings{Yuhui1998,
	author = {Shi, Yuhui and Obaiahnahatti, B.Gireesha},
	month = {06},
	pages = {69 - 73},
	title = {A Modified Particle Swarm Optimizer},
	volume = {6},
	year = {1998}
}

@incollection{BEHERA2020,
	author = {Narayan Behera},
	booktitle = {Principles and Methods for Data Science},
	editor = {Arni S.R. {Srinivasa Rao} and C.R. Rao},
	pages = {349-378},
	publisher = {Elsevier},
	series = {Handbook of Statistics},
	title = {Chapter 8 - Analysis of microarray gene expression data using information theory and stochastic algorithm},
	volume = {43},
	year = {2020}
}

@misc{postMilos,
author = {Simić, Miloš},
year = {2016},
month = {02},
title = {How to use Roulette Wheel Selection in different minimization problems ?},
url={https://www.researchgate.net/post/How-to-use-Roulette-Wheel-Selection-in-different-minimization-problems}
}

@inproceedings{Eberhart1998,
	address = {Berlin, Heidelberg},
	author = {Eberhart, Russell C. and Shi, Yuhui},
	booktitle = {Evolutionary Programming VII},
	editor = {Porto, V. W. and Saravanan, N. and Waagen, D. and Eiben, A. E.},
	pages = {611--616},
	publisher = {Springer Berlin Heidelberg},
	title = {Comparison between genetic algorithms and particle swarm optimization},
	year = {1998}
}

@inproceedings{Valdez2009,
  author={Valdez, Fevrier and Melin, Patricia and Castillo, Oscar},
  booktitle={2009 IEEE International Conference on Fuzzy Systems},
  title={Evolutionary method combining particle swarm optimization and genetic algorithms using fuzzy logic for decision making},
  year={2009},
  pages={2114-2119},
  doi={10.1109/FUZZY.2009.5277165}
}

@INPROCEEDINGS{Basheer2017,
  author={Qolomany, Basheer and Maabreh, Majdi and Al-Fuqaha, Ala and Gupta, Ajay and Benhaddou, Driss},
  booktitle={2017 13th International Wireless Communications and Mobile Computing Conference (IWCMC)},
  title={Parameters optimization of deep learning models using Particle swarm optimization},
  year={2017},
  volume={},
  number={},
  pages={1285-1290},
  doi={10.1109/IWCMC.2017.7986470}
}


@article{Koza1994,
	author = {Koza, John R. },
	journal = {Statistics and Computing},
	number = {2},
	pages = {87-105},
	title = {Genetic programming as a means for programming computers by natural selection},
	volume = {4},
	year = {1994}}
