
@incollection{SPONG2020,
	author = {Mark Spong, Seth Hutchinson, M Vidyasagar},
	booktitle = {Robot MOdeling and Control, 2nd Edition},
	pages = {71-88},
	publisher = {Elsevier},
	series = {Wiley},
	title = {FORWARD KINEMATICS: THE DENAVIT-HARTENBERG CONVENTION},
	year = {2020}
}

